Automatically generated by Mendeley Desktop 1.19.4
Any changes to this file will be lost if it is regenerated by Mendeley.

BibTeX export options can be customized via Options -> BibTeX in Mendeley Desktop

@book{Jarrett2008,
abstract = {Forms are everywhere on the web - for registration and communicating, for commerce and government. Good forms make for happier customers, better data, and reduced support costs. Bad forms fill your organization's databases with inaccuracies and duplicates and can cause loss of potential consumers. Designing good forms is trickier than people think. Jarrett and Gaffney come to the rescue with Designing Forms that Work, clearly explaining exactly how to design great forms for the web. Liberally illustrated with full-color examples, it guides readers on how to define requirements, how to write questions that users will understand and want to answer, and how to deal with instructions, progress indicators and errors. *Provides proven and practical advice that will help you avoid pitfalls, and produce forms that are aesthetically pleasing, efficient and cost-effective. *Features invaluable design methods, tips, and tricks to help ensure accurate data and satisfied customers. *Includes dozens of examples -- from nitty-gritty details (label alignment, mandatory fields) to visual designs (creating good grids, use of color). *Foreword by Steve Krug, author of the best selling Don't Make Me Think!},
archivePrefix = {arXiv},
arxivId = {arXiv:1011.1669v3},
author = {Grant, Will. and Gen{\c{c}}er, Merve and Bilgin, G{\"{o}}khan and Zan, {\"{O}}zg{\"{u}}r and Voyvodaoǧlu, Tansel and Kim, Soo Yun and McFadden, Ed and Marenkov, Jevgeni and Robal, Tarmo and Kalja, Ahto and Universit, Technischen and Miksch, Silvia and D and Prabhu, Anirudh and Shenoy, Aravind and Prabhu, Anirudh and metode penelitian {Nursalam, 2016} and Fallis, A.G and Shenoy, Aravind and Coleman, Ben and Goodwin, Dan and Fang, Xiang and Holsapple, Clyde W and Jarrett, Caroline and Gaffney, Gerry and เพ็ชราภรณ์, ชัชวาลชาญชนกิจ and Page, Title and Giraudel, Hugo and Suzanne, Miriam and Krause, J{\"{o}}rg and Shenoy, Aravind and Sossou, Ulrich and Reviewers, Ulrich Sossou and Gupta, Ravi Kumar and Raval, Harsh and Sarmento, Fred and Watts, Luke and Lambert, Matt and Nathan, Robert J and Nathan, Robert J and Yeow, Paul H. P and Yeow, Paul H. P and Krug, Steve and Rahman, Syed Fazle. and Hewitson, Joe.},
booktitle = {Introducing Bootstrap 4},
doi = {10.1016/B978-1-55860-710-1.X0001-4},
eprint = {arXiv:1011.1669v3},
file = {:C$\backslash$:/Users/linus/OneDrive - tgm - Die Schule der Technik/General/Linus/SotA-Quellen/2013{\_}Book{\_}DesignUserExperienceAndUsabili.pdf:pdf;:C$\backslash$:/Users/linus/OneDrive - tgm - Die Schule der Technik/General/Linus/SotA-Quellen/Aravind Shenoy - Introducing Zurb Foundation 6 (2016, Apress) - libgen.lc.pdf:pdf;:C$\backslash$:/Users/linus/OneDrive - tgm - Die Schule der Technik/General/Linus/SotA-Quellen/2020{\_}Book{\_}AdvancesInUsabilityAndUserExpe.pdf:pdf;:C$\backslash$:/Users/linus/OneDrive - tgm - Die Schule der Technik/General/Linus/SotA-Quellen/Anirudh Prabhu, Aravind Shenoy (auth.) - Introducing Materialize  (2016, Apress) - libgen.lc.pdf:pdf;:C$\backslash$:/Users/linus/OneDrive - tgm - Die Schule der Technik/General/Linus/SotA-Quellen/2228-7961-2-PB.pdf:pdf;:C$\backslash$:/Users/linus/OneDrive - tgm - Die Schule der Technik/General/Linus/SotA-Quellen/Fang-Holsapple2011{\_}Article{\_}ImpactsOfNavigationStructureTa.pdf:pdf;:C$\backslash$:/Users/linus/OneDrive - tgm - Die Schule der Technik/General/Linus/SotA-Quellen/Forms-that-Work-Designing-Web-Forms-for-Usability-by-Caroline-Jarrett{\_}-Gerry-Gaffney-{\_}z-lib.org{\_}.pdf:pdf;:C$\backslash$:/Users/linus/OneDrive - tgm - Die Schule der Technik/General/Linus/SotA-Quellen/Matt Lambert - Learning Bootstrap 4-Packt Publishing (2016).pdf:pdf;:C$\backslash$:/Users/linus/OneDrive - tgm - Die Schule der Technik/General/Linus/SotA-Quellen/Steve-Krug-Don't-Make-Me-Think{\_}-Revisited{\_}-A-Common-Sense-Approach-to-Web-Usability-{\_}2014{\_}-New-Rider.pdf:pdf;:C$\backslash$:/Users/linus/OneDrive - tgm - Die Schule der Technik/General/Linus/SotA-Quellen/Usability Matters Mobile-first UX for developers and other accidental designers by Matt Lacey (z-lib.org).pdf:pdf;:C$\backslash$:/Users/linus/OneDrive - tgm - Die Schule der Technik/General/Linus/SotA-Quellen/Syed Fazle Rahman, Joe Hewitson - Jump Start Foundation (2015, SitePoint) - libgen.lc.pdf:pdf;:C$\backslash$:/Users/linus/OneDrive - tgm - Die Schule der Technik/General/Linus/SotA-Quellen/Nathan-Yeow2011{\_}Article{\_}CrucialWebUsabilityFactorsOf36.pdf:pdf;:C$\backslash$:/Users/linus/OneDrive - tgm - Die Schule der Technik/General/Linus/SotA-Quellen/Handbook-of-Usability-Testing-Howto-Plan{\_}-Design{\_}-and-Conduct-Effective-Tests-by-Jeffrey-Rubin{\_}-Dana.pdf:pdf;:C$\backslash$:/Users/linus/OneDrive - tgm - Die Schule der Technik/General/Linus/SotA-Quellen/Hugo Giraudel, Miriam Suzanne - Jump Start Sass (2016, SitePoint) - libgen.lc.pdf:pdf;:C$\backslash$:/Users/linus/OneDrive - tgm - Die Schule der Technik/General/Linus/SotA-Quellen/Matt Lacey - Usability Matters{\_} Practical UX for Developers and other Accidental Designers (2017, Manning Publications) - libgen.lc.pdf:pdf;:C$\backslash$:/Users/linus/OneDrive - tgm - Die Schule der Technik/General/Linus/SotA-Quellen/JOERG KRAUSE - INTRODUCING BOOTSTRAP 4 {\_} create powerful web applications using bootstrap 4.5.-APRESS (2020).pdf:pdf;:C$\backslash$:/Users/linus/OneDrive - tgm - Die Schule der Technik/General/Linus/SotA-Quellen/Luke Watts - Mastering Sass (2016, Packt) - libgen.lc.pdf:pdf;:C$\backslash$:/Users/linus/OneDrive - tgm - Die Schule der Technik/General/Linus/SotA-Quellen/Learning Bootstrap.pdf:pdf;:C$\backslash$:/Users/linus/OneDrive - tgm - Die Schule der Technik/General/Linus/SotA-Quellen/24722:;:C$\backslash$:/Users/linus/OneDrive - tgm - Die Schule der Technik/General/Linus/SotA-Quellen/23668:;:C$\backslash$:/Users/linus/OneDrive - tgm - Die Schule der Technik/General/Linus/SotA-Quellen/Forms that work designing Web forms for usability by Caroline Jarrett, Gerry Gaffney, Steve Krug (z-lib.org).pdf:pdf;:C$\backslash$:/Users/linus/OneDrive - tgm - Die Schule der Technik/General/Linus/SotA-Quellen/Designing UX Prototyping Because Modern Design is Never Static by Ben Coleman, Dan Goodwin (z-lib.org).pdf:pdf;:C$\backslash$:/Users/linus/OneDrive - tgm - Die Schule der Technik/General/Linus/SOTA-Q{\~{}}1/ARAVIN{\~{}}2.PDF:PDF;:C$\backslash$:/Users/linus/OneDrive - tgm - Die Schule der Technik/General/Linus/SotA-Quellen/101 UX Principles A Definitive Design Guide by Will Grant (z-lib.org).pdf:pdf;:C$\backslash$:/Users/linus/OneDrive - tgm - Die Schule der Technik/General/Linus/SotA-Quellen/Aravind-Shenoy-Jumpstart-UIKit{\_}-Learn-to-Build-Enterprise-Level{\_}-Feature-Rich-Websites-that-Work-Ele.pdf:pdf;:C$\backslash$:/Users/linus/OneDrive - tgm - Die Schule der Technik/General/Linus/SotA-Quellen/Aravind Shenoy, Ulrich Sossou - Learning Bootstrap (2014, Packt Publishing) - libgen.lc.pdf:pdf;:C$\backslash$:/Users/linus/AppData/Local/Mendeley Ltd./Mendeley Desktop/Downloaded/Grant et al. - 2020 - Things every app should do.pdf:pdf;:C$\backslash$:/Users/linus/AppData/Local/Mendeley Ltd./Mendeley Desktop/Downloaded/Grant et al. - 2020 - Things every app should do(2).pdf:pdf},
isbn = {9781617293931},
issn = {1098-6596},
keywords = {(),Analysis,Business Information Systems,Business/Management Science,CSS,Cascading style sheets,Clarity of goals in website,Compilers,Computer Communication Networks,Computer Science,Computer programming,Computer programs,Computer science,Computers and Society,Control,Cryptology and Information Theory,Data Structures,Design,Design and construction,Digital Media,Domain knowledge level,Ease of web navigation,Economics / Management Science,Electrical {\&} Computer Engineering,End users,Engagement,Engineering {\&} Applied Sciences,Information retrieval,Information systems,Interactivity of website,Internet,Internet programming,Interpreters,JavaScript (Computer program language),Knowledge acquisition,Malaysia,Management of Computing and Information Systems,Mobile app,Navigation structure,Operating Systems,Operations Research/Decision Theory,Personal Computing,Professional and Applied Computing,Programming Languages,Programming Techniques,Responsive,Student Internet users,Students,Studies,Systems Theory,Task complexity,Telecommunications,The Computing Profession,Trustworthiness of website,UX,Universities and colleges,Use of color and fonts,Use of graphics and multimedia,User Testing method,Users,Visual enhancement,Web Design {\&} Development,Web Development,Web site design,Web site development,Web site development -- Evaluation,Web site usability,Web sites,Web sites -- Design,Website design guidelines,context awareness,e-Commerce/e-business,general,human computer interaction,icle,machine learning,mobile applications,mobile devices,push notification,stickiness,usability guidelines,user experience,web usability,web user interface,www.it-ebooks.info},
language = {eng},
number = {2},
pages = {1689--1699},
pmid = {25246403},
title = {{Things every app should do}},
url = {https://books.google.co.uk/books?id=xaVcCgAAQBAJ{\&}pg=PA8{\&}dq=bootstrap+vs+foundation{\&}hl=en{\&}sa=X{\&}ved=0ahUKEwjhhPijgbDeAhXJCcAKHbMZAu84ChDoAQg7MAM{\#}v=onepage{\&}q{\&}f=false www.allitebooks.com{\%}0Awww.packtpub.com https://proquest.tech.safaribooksonline.de/book/web-d},
volume = {66},
year = {2020}
}
@book{forms-that-work,
address = {San Francisco},
author = {Jarrett, Caroline and Gaffney, Gerry and Krug, Steve},
booktitle = {Forms That Work},
isbn = {9781558607101},
keywords = {Design,Electronic commerce,Forms,User-centered system design,Web sites},
language = {eng},
publisher = {Elsevier Science {\&} Technology},
series = {The Morgan Kaufmann series in interactive technologies},
title = {{Forms That Work}},
year = {2008}
}
@book{ux-principles,
address = {Birmingham},
author = {Grant, Will},
booktitle = {101 UX Principles},
isbn = {9781788837361},
keywords = {User-centered system design,Web sites-Design},
language = {eng},
publisher = {Packt Publishing, Limited},
title = {{101 UX Principles}},
year = {2018}
}
@book{usability-matters,
author = {{Matt Lacey}},
booktitle = {Usability Matters},
isbn = {1617293938},
language = {eng},
publisher = {Manning Publications},
title = {{Usability Matters}}
}
@book{jump-start-sass,
author = {Giraudel, Hugo and Suzanne, Miriam},
booktitle = {Jump Start Sass},
edition = {1},
file = {:C$\backslash$:/Users/linus/OneDrive - tgm - Die Schule der Technik/General/Linus/SotA-Quellen/Hugo Giraudel, Miriam Suzanne - Jump Start Sass (2016, SitePoint) - libgen.lc.pdf:pdf},
isbn = {0994182678},
keywords = {CSS,Cascading style sheets,Web sites},
language = {eng},
publisher = {SitePoint},
title = {{Jump Start Sass}}
}
@book{foundation-intro,
address = {Berkeley, CA},
author = {Shenoy, Aravind},
booktitle = {Introducing Zurb Foundation 6},
edition = {1},
file = {:C$\backslash$:/Users/linus/OneDrive - tgm - Die Schule der Technik/General/Linus/SotA-Quellen/Aravind Shenoy - Introducing Zurb Foundation 6 (2016, Apress) - libgen.lc.pdf:pdf},
isbn = {9781484217955},
keywords = {Computer programming,Design,Digital Media,Internet programming,JavaScript (Computer program language),Web Design {\&} Development,Web Development,Web sites},
language = {eng},
publisher = {Apress L. P},
title = {{Introducing Zurb Foundation 6}},
year = {2015}
}
@book{learn-bootstrap,
address = {Olton Birmingham},
author = {Shenoy, Aravind and Sossou, Ulrich},
booktitle = {Learning Bootstrap},
edition = {1},
isbn = {9781782161844},
keywords = {Design,Mobile computing,Web Development,Web site development,Web sites},
language = {eng},
publisher = {Packt Publishing, Limited},
title = {{Learning Bootstrap}},
year = {2014}
}
@book{ux-prototyping,
author = {{Ben Coleman} and {Dan Goodwin}},
booktitle = {Designing UX: Prototyping, 1st Edition},
isbn = {9781492019251},
keywords = {Design},
language = {eng},
publisher = {SitePoint},
title = {{Designing UX: Prototyping, 1st Edition}}
}
@book{css-frameworks-alternatives,
address = {Berkeley, CA},
author = {Shenoy, Aravind and Prabhu, Anirudh},
doi = {10.1007/978-1-4842-3399-3},
edition = {1st ed. 20},
isbn = {1484233999},
keywords = {Computer programming,Web Development},
language = {eng},
publisher = {Apress : Imprint: Apress},
shorttitle = {CSS Framework Alternative},
title = {{CSS Framework Alternatives : Explore Five Lightweight Alternatives to Bootstrap and Foundation with Project Examples}},
year = {2018}
}
@article{impacts-navigation-structure,
address = {Boston},
author = {Fang, Xiang and Holsapple, Clyde W},
doi = {10.1007/s10796-010-9227-3},
file = {:C$\backslash$:/Users/linus/OneDrive - tgm - Die Schule der Technik/General/Linus/SotA-Quellen/Fang-Holsapple2011{\_}Article{\_}ImpactsOfNavigationStructureTa.pdf:pdf},
issn = {1572-9419},
journal = {Information systems frontiers},
keywords = {Analysis,Business Information Systems,Control,Domain knowledge level,Economics / Management Science,End users,Information retrieval,Information systems,Knowledge acquisition,Management of Computing and Information Systems,Navigation structure,Operations Research/Decision Theory,Studies,Systems Theory,Task complexity,Web site usability,Web sites},
language = {eng},
number = {4},
pages = {453--469},
publisher = {Springer Science and Business Media LLC},
shorttitle = {Inf Syst Front},
title = {{Impacts of navigation structure, task complexity, and users' domain knowledge on Web site usability—an empirical study}},
volume = {13}
}
@book{jumpstart-foundation,
author = {{Syed Fazle Rahman} and {Joe Hewitson}},
booktitle = {Jump Start Foundation},
edition = {1},
isbn = {9780992461270},
keywords = {Application program interfaces (Computer software),CSS,Web Design {\&} Development},
language = {eng},
publisher = {SitePoint},
title = {{Jump Start Foundation}}
}
@misc{auszeichnungssprachen,
title = {{Lehre - Begriff: Markup Language [Zentrum f{\"{u}}r Informationsmodellierung in den Geisteswissenschaften]}},
url = {http://www-gewi.uni-graz.at/zim/lehre/markuplanguages.html},
urldate = {2020-11-11}
}
@book{html5-css3-handbuch,
address = {Bonn},
author = {Wolf, J{\"{u}}rgen},
edition = {3., aktual},
isbn = {3836262266},
keywords = {Cascading Style Sheets 3.0,HTML 5.0},
language = {ger},
publisher = {Rheinwerk Verlag},
series = {Rheinwerk Computing},
shorttitle = {HTML5 und CSS3},
title = {{HTML5 und CSS3 : das umfassende Handbuch}},
year = {2019}
}
@book{dont-kmake-me-think-intuitiv,
address = {[Frechen]},
author = {Krug, Steve},
edition = {Dritte Auf},
isbn = {3826687159},
language = {ger},
publisher = {mitp},
shorttitle = {Don't make me think},
title = {{Don't make me think! : Web {\&} mobile usability: das intuitive Web}},
year = {2014}
}
@misc{bootstrap-docu,
title = {{Introduction {\textperiodcentered} Bootstrap v4.5}},
url = {https://getbootstrap.com/docs/4.5/getting-started/introduction/},
urldate = {2020-10-20}
}
@book{uikit-jumpstart,
address = {Berkeley, CA},
author = {Shenoy, Aravind},
booktitle = {Jumpstart UIKit},
doi = {10.1007/978-1-4842-6029-6},
edition = {1},
file = {:C$\backslash$:/Users/linus/OneDrive - tgm - Die Schule der Technik/General/Linus/SotA-Quellen/Aravind-Shenoy-Jumpstart-UIKit{\_}-Learn-to-Build-Enterprise-Level{\_}-Feature-Rich-Websites-that-Work-Ele.pdf:pdf},
isbn = {1484260287},
keywords = {Computer Science,Professional and Applied Computing,Responsive,Web Development},
language = {eng},
publisher = {Apress L. P},
title = {{Jumpstart UIKit}},
year = {2020}
}
@misc{materialize-docu,
title = {{Documentation - Materialize}},
url = {https://materializecss.com/},
urldate = {2020-10-15}
}
@book{ux-developers,
address = {Berkeley, CA},
author = {Knight, Westley},
doi = {10.1007/978-1-4842-4227-8},
edition = {1st ed. 20},
isbn = {1484242270},
keywords = {Computer programming,Web Development},
language = {eng},
publisher = {Apress : Imprint: Apress},
shorttitle = {UX for Developers},
title = {{UX for Developers : How to Integrate User-Centered Design Principles Into Your Day-to-Day Development Work}},
year = {2019}
}
@book{introduction-bootstrap,
address = {Berkeley, CA},
author = {Krause, J{\"{o}}rg},
booktitle = {Introducing Bootstrap 4: Create Powerful Web Applications Using Bootstrap 4.5},
doi = {10.1007/978-1-4842-6203-0},
edition = {2},
isbn = {9781484262030},
keywords = {Bootstrap,Computer Science,Professional Computing,Professional and Applied Computing,Web Development},
language = {eng},
publisher = {Apress},
title = {{Introducing Bootstrap 4: Create Powerful Web Applications Using Bootstrap 4.5}}
}
@book{usability-testing,
address = {Indianapolis, Ind},
author = {Rubin, Jeffrey and Chisnell, Dana},
booktitle = {Handbook of usability testing},
edition = {2nd ed.},
isbn = {0470386088},
keywords = {Computers,Testing,User Interfaces,User interfaces (Computer systems)},
language = {eng},
publisher = {Wiley},
title = {{Handbook of usability testing}},
year = {2008}
}
@misc{foundation-docu,
title = {{Foundation for Sites 6 Docs}},
url = {https://get.foundation/sites/docs/},
urldate = {2020-11-26}
}
@book{html5-css3-def,
address = {Berlin, Heidelberg},
author = {B{\"{u}}hler, Peter and Schlaich, Patrick and Sinner, Dominik},
doi = {10.1007/978-3-662-53916-3},
isbn = {3662539160},
keywords = {Cascading Style Sheets 3.0,HTML 5.0},
language = {ger},
publisher = {Springer Berlin Heidelberg Imprint: Springer Vieweg},
series = {Bibliothek der Mediengestaltung},
shorttitle = {HTML5 und CSS3},
title = {{HTML5 und CSS3 : Semantik - Design - Responsive Layouts}},
year = {2017}
}
@article{usability-factors,
address = {Boston},
author = {Nathan, Robert J and Nathan, Robert J and Yeow, Paul H. P and Yeow, Paul H. P},
doi = {10.1007/s10660-010-9054-0},
file = {:C$\backslash$:/Users/linus/OneDrive - tgm - Die Schule der Technik/General/Linus/SotA-Quellen/Nathan-Yeow2011{\_}Article{\_}CrucialWebUsabilityFactorsOf36.pdf:pdf},
issn = {1389-5753},
journal = {Electronic commerce research},
keywords = {Analysis,Business Information Systems,Business/Management Science,Clarity of goals in website,Computer Communication Networks,Cryptology and Information Theory,Data Structures,Design and construction,Ease of web navigation,Economics / Management Science,Interactivity of website,Internet,Malaysia,Operations Research/Decision Theory,Student Internet users,Students,Studies,Trustworthiness of website,Universities and colleges,Use of color and fonts,Use of graphics and multimedia,User Testing method,Users,Web site design,Web sites,Website design guidelines,e-Commerce/e-business,general},
language = {eng},
number = {2},
pages = {151--180},
publisher = {Springer US},
shorttitle = {Electron Commer Res},
title = {{Crucial web usability factors of 36 industries for students: a large-scale empirical study}},
volume = {11}
}
@book{mastering-sass,
author = {Watts, Luke},
booktitle = {Mastering Sass},
edition = {1},
file = {:C$\backslash$:/Users/linus/OneDrive - tgm - Die Schule der Technik/General/Linus/SotA-Quellen/Luke Watts - Mastering Sass (2016, Packt) - libgen.lc.pdf:pdf},
isbn = {9781785883361},
keywords = {Web Development},
language = {eng},
publisher = {Packt Publishing},
title = {{Mastering Sass}}
}
@book{dont-kmake-me-think-usability,
address = {[Berkeley, Calif.]},
author = {Krug, Steve},
edition = {[Third edi},
file = {:C$\backslash$:/Users/linus/OneDrive - tgm - Die Schule der Technik/General/Linus/SotA-Quellen/Steve-Krug-Don't-Make-Me-Think{\_}-Revisited{\_}-A-Common-Sense-Approach-to-Web-Usability-{\_}2014{\_}-New-Rider.pdf:pdf},
isbn = {0133597261},
keywords = {Electrical {\&} Computer Engineering,Engineering {\&} Applied Sciences,Telecommunications,Web site development -- Evaluation,Web sites,Web sites -- Design},
language = {eng},
publisher = {New Riders},
shorttitle = {Don't make me think, revi},
title = {{Don't make me think, revisited : a common sense approach to Web usability}},
year = {2014}
}
@book{learning-bootstrap,
author = {Lambert, Matt},
booktitle = {Learning Bootstrap 4},
isbn = {1785881000},
language = {eng},
publisher = {Packt Publishing},
title = {{Learning Bootstrap 4}}
}
@book{advances-ux-us,
address = {Cham},
author = {Ahram, Tareq and Falc{\~{a}}o, Christianne},
booktitle = {Advances in Usability and User Experience},
isbn = {3030191346},
keywords = {User interfaces (Computer systems)},
language = {eng},
publisher = {Springer International Publishing AG},
title = {{Advances in Usability and User Experience}},
year = {2019}
}
@book{materialize-intro,
address = {Berkeley, CA},
author = {Prabhu, Anirudh and Shenoy, Aravind},
booktitle = {Introducing Materialize},
doi = {10.1007/978-1-4842-2349-9},
edition = {1},
file = {:C$\backslash$:/Users/linus/OneDrive - tgm - Die Schule der Technik/General/Linus/SotA-Quellen/Anirudh Prabhu, Aravind Shenoy (auth.) - Introducing Materialize  (2016, Apress) - libgen.lc.pdf:pdf},
isbn = {9781484223482},
keywords = {CSS,Compilers,Computer Science,Computer programs,Computer science,Computers and Society,Design,Digital Media,Interpreters,Operating Systems,Personal Computing,Professional and Applied Computing,Programming Languages,Programming Techniques,The Computing Profession,Web Design {\&} Development,Web Development,Web site development,Web sites},
language = {eng},
publisher = {Apress L. P},
title = {{Introducing Materialize}},
year = {2016}
}
