Automatically generated by Mendeley Desktop 1.19.4
Any changes to this file will be lost if it is regenerated by Mendeley.

BibTeX export options can be customized via Options -> BibTeX in Mendeley Desktop

@misc{flaskDocs,
title = {{Flask-RESTful â€” Flask-RESTful 0.3.8 documentation}},
url = {https://flask-restful.readthedocs.io/en/latest/},
urldate = {2020-11-26}
}
@misc{pythonDocs,
title = {{Our Documentation | Python.org}},
url = {https://www.python.org/doc/},
urldate = {2020-11-26}
}
@misc{apache,
title = {{httpd - Docker Hub}},
url = {https://hub.docker.com/_/httpd},
urldate = {2020-11-11}
}
@misc{golang,
title = {{golang - Docker Hub}},
url = {https://hub.docker.com/_/golang},
urldate = {2021-04-16}
}
@misc{dockerEngineOverview,
title = {{Docker Engine overview | Docker Documentation}},
url = {https://docs.docker.com/engine/},
urldate = {2020-11-08}
}
@techreport{Nurseitov,
abstract = {This paper compares two data interchange formats currently used by industry applications; XML and JSON. The choice of an adequate data interchange format can have significant consequences on data transmission rates and performance. We describe the language specifications and their respective setting of use. A case study is then conducted to compare the resource utilization and the relative performance of applications that use the interchange formats. We find that JSON is significantly faster than XML and we further record other resource-related metrics in our results.},
author = {Nurseitov, Nurzhan and Paulson, Michael and Reynolds, Randall and Izurieta, Clemente},
file = {:C$\backslash$:/Users/Michael Beier/AppData/Local/Mendeley Ltd./Mendeley Desktop/Downloaded/Nurseitov et al. - Unknown - Comparison of JSON and XML Data Interchange Formats A Case Study.pdf:pdf},
title = {{Comparison of JSON and XML Data Interchange Formats: A Case Study}}
}
@misc{mongo,
title = {{mongo - Docker Hub}},
url = {https://hub.docker.com/_/mongo},
urldate = {2020-11-11}
}
@book{Patni2017,
address = {Berkeley, CA},
author = {Patni, Sanjay},
booktitle = {Pro RESTful APIs},
doi = {10.1007/978-1-4842-2665-0},
edition = {1},
isbn = {978-1-4842-2665-0},
keywords = {Application program interfaces (Computer software),Computer Science,Computer science,Databases,Professional and Applied Computing,Programming Languages, Compilers, Interpreters,Programming Techniques,Web Development,XML},
language = {eng},
publisher = {Apress L. P},
title = {{Pro RESTful APIs}},
year = {2017}
}
@misc{springDocs,
title = {{Spring | Why Spring?}},
url = {https://spring.io/why-spring},
urldate = {2020-11-26}
}
@book{Inden2016,
address = {Heidelberg},
author = {Inden, Michael},
edition = {1. Auflage},
isbn = {3864903742},
keywords = {JSON,XML},
language = {ger},
publisher = {dpunkt.verlag},
shorttitle = {Der Java-Profi: Persi},
title = {{Der Java-Profi: Persistenzl{\"{o}}sungen und REST-Services : Datenaustauschformate, Datenbankentwicklung und verteilte Anwendungen}},
year = {2016}
}
@techreport{rfc4627,
author = {Crockford, D},
howpublished = {Internet Requests for Comments},
institution = {RFC Editor},
issn = {2070-1721},
number = {4627},
publisher = {RFC Editor},
title = {{The application/json Media Type for JavaScript Object Notation (JSON)}},
type = {RFC},
url = {https://www.rfc-editor.org/rfc/rfc4627.txt},
year = {2006}
}
@misc{goDocs,
title = {{Documentation - The Go Programming Language}},
url = {https://golang.org/doc/},
urldate = {2020-11-26}
}
@misc{jdkDocs,
title = {{JDK 11 Documentation - Home}},
url = {https://docs.oracle.com/en/java/javase/11/},
urldate = {2020-11-26}
}
@misc{nosqltypes,
title = {{Types of NoSQL Databases | MongoDB}},
url = {https://www.mongodb.com/scale/types-of-nosql-databases},
urldate = {2020-11-11}
}
@techreport{rfc4180,
author = {Shafranovich, Y},
howpublished = {Internet Requests for Comments},
institution = {RFC Editor},
issn = {2070-1721},
number = {4180},
publisher = {RFC Editor},
title = {{Common Format and MIME Type for Comma-Separated Values (CSV) Files}},
type = {RFC},
url = {https://www.rfc-editor.org/rfc/rfc4180.txt},
year = {2005}
}
@misc{xmlStandard,
abstract = {The Extensible Markup Language (XML) is a subset of SGML that is completely described in this document. Its goal is to enable generic SGML to be served, received, and processed on the Web in the way that is now possible with HTML. XML has been designed for ease of implementation and for interoperability with both SGML and HTML.},
author = {Bray, Tim and Paoli, Jean and Sperberg-McQueen, C. M. and Maler, Eve and Yergeau, Fran{\c{c}}ois},
booktitle = {W3C},
month = {nov},
title = {{Extensible Markup Language (XML) 1.0 (Fifth Edition)}},
url = {http://www.w3.org/TR/2008/REC-xml-20081126/},
urldate = {2020-11-07},
year = {2008}
}
@misc{dockerComposeOverview,
title = {{Overview of Docker Compose | Docker Documentation}},
url = {https://docs.docker.com/compose/},
urldate = {2020-11-08}
}
@techreport{rfc7519,
author = {Jones, Michael and Bradley, John and Sakimura, Nat},
howpublished = {Internet Requests for Comments},
institution = {RFC Editor},
issn = {2070-1721},
number = {7519},
publisher = {RFC Editor},
title = {JSON Web Token (JWT)},
type = {RFC},
url = {https://www.rfc-editor.org/rfc/rfc7519.txt},
year = {2015}
}
@misc{maroto,
title = {maroto - pkg.go.dev},
url = {https://pkg.go.dev/github.com/johnfercher/maroto},
urldate = {2021-04-14}
}
@misc{excelize,
title = {excelize - pkg.go.dev},
url = {https://pkg.go.dev/github.com/360EntSecGroup-Skylar/excelize/v2},
urldate = {2021-04-14}
}
@misc{jwt-go,
title = {jwt-go - pkg.go.dev},
url = {https://pkg.go.dev/github.com/dgrijalva/jwt-go},
urldate = {2021-04-14}
}

@misc{swaggo,
title = {swaggo - pkg.go.dev},
url = {https://pkg.go.dev/github.com/swaggo/swag},
urldate = {2021-04-19}
}

@misc{untis,
title = {WebUntis JSON-RPC API},
author = {WebUntis},
urldate = {2021-04-19}
}

@article{swagtut,
title = {Create Golang API Doc with Swag},
url = {https://adityarama1210.medium.com/create-golang-api-doc-with-swag-d73be1767d39},
urldate = {2021-04-19}
}

@misc{gingonic,
title = {gin-gonic - pkg.go.dev},
url = {https://pkg.go.dev/github.com/gin-gonic/gin},
urldate = {2021-04-19}
}

@article{tokenmanager,
	title = {Using JWT for Authentication in a Golang Application},
	url = {https://codeburst.io/using-jwt-for-authentication-in-a-golang-application-e0357d579ce2},
	urldate = {2021-04-19}
}

@article{secretmongo,
	title = {Secured MongoDB container},
	url = {https://medium.com/@leonfeng/set-up-a-secured-mongodb-container-e895807054bd},
	urldate = {2021-04-19}
}

@article{marotoart,
	title = {Creating PDFs using Golang},
	url = {https://johnathanfercher.medium.com/creating-pdfs-using-golang-98b722e99d6d},
	urldate = {2021-04-19}
}

@misc{shgist,
	title = {Simple bash subcommands},
	url = {https://gist.github.com/waylan/4080362},
	urldate = {2021-04-19}
}

@misc{mongogo,
	title = {mongo-driver - pkg.go.dev},
	url = {https://pkg.go.dev/go.mongodb.org/mongo-driver/mongo},
	urldate = {2021-04-19}
}

@misc{go-ldap, 
	title = {go-ldap - pkg.go.dev},
	url = {https://pkg.go.dev/github.com/go-ldap/ldap/v3},
	urldate = {2021-04-19}
}

@misc{pdfcpu,
	title = {pdfcpu - pkg.go.dev},
	url = {https://pkg.go.dev/github.com/hhrutter/pdfcpu},
	urldate = {2021-04-19}
}

