Automatically generated by Mendeley Desktop 1.19.4
Any changes to this file will be lost if it is regenerated by Mendeley.

BibTeX export options can be customized via Options -> BibTeX in Mendeley Desktop

@misc{wiki_http,
title = {{Hypertext Transfer Protocol – Wikipedia}},
url = {https://de.wikipedia.org/wiki/Hypertext{\_}Transfer{\_}Protocol},
urldate = {2020-11-26}
}
@book{react,
address = {Heidelberg},
author = {Zeigermann, Oliver and Hartmann, Nils},
booktitle = {{\textless}h{\textgreater}React{\textless}/h{\textgreater}},
isbn = {9783864903274},
keywords = {JavaScript (Computer program language)},
language = {eng},
publisher = {dpunkt.verlag},
title = {{React}},
year = {2016}
}
@misc{vuedoc,
title = {{Vue.js}},
url = {https://vuejs.org/},
urldate = {2020-11-07}
}
@inproceedings{mvc,
author = {Leff, A and Rayfield, J.T},
booktitle = {Proceedings Fifth IEEE International Enterprise Distributed Object Computing Conference},
doi = {10.1109/EDOC.2001.950428},
isbn = {9780769513454},
keywords = {Displays,Environmental factors,HTML,Java,Network servers,Security},
language = {eng},
pages = {118--127},
publisher = {IEEE},
shorttitle = {EDOC},
title = {{Web-application development using the Model/View/Controller design pattern}},
year = {2001}
}
@book{angular,
address = {Bonn},
author = {H{\"{o}}ller, Christoph},
edition = {1. Auflage},
isbn = {3836239140},
keywords = {Angular 2.2,JavaScript},
language = {ger},
publisher = {Rheinwerk},
series = {Rheinwerk Computing},
shorttitle = {Angular},
title = {{Angular : das umfassende Handbuch}},
year = {2017}
}
@inproceedings{comparrison,
author = {Nakajima, Nozomi and Matsumoto, Shinsuke and Kusumoto, Shinji},
booktitle = {2019 26th Asia-Pacific Software Engineering Conference (APSEC)},
doi = {10.1109/APSEC48747.2019.00070},
isbn = {1728146488},
keywords = {Benchmark testing,Browsers,Runtime,Syntactics,Task analysis,Tools,framework,playground,web},
language = {eng},
pages = {474--481},
publisher = {IEEE},
shorttitle = {APSEC},
title = {{Jact: A Playground Tool for Comparison of JavaScript Frameworks}}
}
@misc{angulardoc,
title = {{AngularJS — Superheroic JavaScript MVW Framework}},
url = {https://angularjs.org/},
urldate = {2020-11-07}
}
@book{mvvm_vue,
address = {Wiesbaden},
author = {Steyer, Ralph},
doi = {10.1007/978-3-658-27170-1},
edition = {1st ed. 20},
isbn = {3658271701},
keywords = {Compilers,Computer programming,Interpreters,Programming Languages,Programming Techniques,Programming languages (Electronic computers),Software Engineering,Software engineering,Web Development},
language = {ger},
publisher = {Springer Fachmedien Wiesbaden Imprint: Springer Vieweg},
shorttitle = {Webanwendungen erstellen},
title = {{Webanwendungen erstellen mit Vue.js : MVVM-Muster f{\"{u}}r konventionelle und Single-Page-Webseiten}},
year = {2019}
}
@misc{reactdoc,
title = {{React – A JavaScript library for building user interfaces}},
url = {https://reactjs.org/},
urldate = {2020-11-07}
}
@misc{angular_ex,
title = {{Angular-Tutorial f{\"{u}}r Einsteiger}},
url = {https://angular.de/artikel/angular-tutorial-deutsch/},
urldate = {2020-11-12}
}
